<record><leader>00000cas a22000007a 4500</leader><controlfield tag="001">18298418</controlfield><controlfield tag="008">880801d19151920nduwr ne      0   a0eng d</controlfield><datafield ind1=" " ind2=" " tag="010"><subfield code="a">sn 88076525 </subfield></datafield><datafield ind1=" " ind2=" " tag="040"><subfield code="a">NOP</subfield><subfield code="b">eng</subfield><subfield code="c">NOP</subfield><subfield code="d">OCLCQ</subfield><subfield code="d">DLC</subfield><subfield code="d">OCLCF</subfield></datafield><datafield ind1="0" ind2=" " tag="022"><subfield code="a">2470-5489</subfield><subfield code="2">1</subfield></datafield><datafield ind1=" " ind2=" " tag="042"><subfield code="a">msc</subfield><subfield code="a">nsdp</subfield></datafield><datafield ind1=" " ind2=" " tag="043"><subfield code="a">n-us-nd</subfield></datafield><datafield ind1="0" ind2="0" tag="050"><subfield code="a">Newspaper</subfield></datafield><datafield ind1="1" ind2="0" tag="082"><subfield code="a">071</subfield><subfield code="2">23</subfield></datafield><datafield ind1=" " ind2="4" tag="222"><subfield code="a">The Devils Lake world and inter-ocean</subfield><subfield code="b">(Print)</subfield></datafield><datafield ind1="0" ind2="4" tag="245"><subfield code="a">The Devils Lake world and inter-ocean.</subfield></datafield><datafield ind1=" " ind2=" " tag="260"><subfield code="a">Devils Lake, N.D. :</subfield><subfield code="b">E.M. Crary</subfield></datafield><datafield ind1=" " ind2=" " tag="300"><subfield code="a">6 v. :</subfield><subfield code="b">ill. ;</subfield><subfield code="c">55 cm.</subfield></datafield><datafield ind1=" " ind2=" " tag="310"><subfield code="a">Weekly</subfield></datafield><datafield ind1="0" ind2=" " tag="362"><subfield code="a">Vol. 5, no. 5 (Jan. 28, 1915)- = Inter-ocean, v. 32, no. 34-</subfield></datafield><datafield ind1="1" ind2=" " tag="362"><subfield code="a">Ceased June 30, 1920.</subfield></datafield><datafield ind1=" " ind2=" " tag="500"><subfield code="a">"Official newspaper for Ramsey County, N.D.", 1915.</subfield></datafield><datafield ind1=" " ind2=" " tag="500"><subfield code="a">"Republican."</subfield></datafield><datafield ind1=" " ind2=" " tag="530"><subfield code="a">Available on microfilm from the State Historical Society of North Dakota.</subfield></datafield><datafield ind1=" " ind2=" " tag="530"><subfield code="a">Archived issues are available in digital format from the Library of Congress Chronicling America online collection.</subfield></datafield><datafield ind1=" " ind2="0" tag="651"><subfield code="a">Devils Lake (N.D.)</subfield><subfield code="v">Newspapers.</subfield></datafield><datafield ind1=" " ind2="7" tag="655"><subfield code="a">Newspapers.</subfield><subfield code="2">fast</subfield><subfield code="0">(OCoLC)fst01423814</subfield></datafield><datafield ind1=" " ind2="7" tag="651"><subfield code="a">North Dakota</subfield><subfield code="z">Devils Lake.</subfield><subfield code="2">fast</subfield><subfield code="0">(OCoLC)fst01221789</subfield></datafield><datafield ind1=" " ind2=" " tag="752"><subfield code="a">United States</subfield><subfield code="b">North Dakota</subfield><subfield code="c">Ramsey</subfield><subfield code="d">Devils Lake.</subfield></datafield><datafield ind1="0" ind2=" " tag="775"><subfield code="t">Devils Lake daily world (Devils Lake, N.D. : 1919)</subfield><subfield code="w">(DLC)sn 88076528</subfield></datafield><datafield ind1="0" ind2="8" tag="776"><subfield code="i">Online version:</subfield><subfield code="t">Devils Lake world and inter-ocean</subfield><subfield code="x">2470-5497</subfield><subfield code="w">(DLC)  2015270796</subfield><subfield code="w">(OCoLC)936116735</subfield></datafield><datafield ind1="0" ind2="4" tag="780"><subfield code="t">Devils Lake world (Devils Lake, N.D. : 1914)</subfield><subfield code="w">(DLC)sn 88076524</subfield></datafield><datafield ind1="0" ind2="4" tag="780"><subfield code="t">Devils Lake inter-ocean (Devils Lake, N.D. : 1909)</subfield><subfield code="w">(DLC)sn 88076516</subfield></datafield><datafield ind1="0" ind2="0" tag="785"><subfield code="t">Devils Lake world (Devils Lake, N.D. : 1920)</subfield><subfield code="w">(DLC)sn 88076526</subfield></datafield><datafield ind1="4" ind2="1" tag="856"><subfield code="u">http://www.loc.gov/chroniclingamerica/lccn/sn88076525/issues</subfield></datafield></record>